@article{Adler1994,
  author = "Adler, N. E., and Boyce, T., and Chesney, M. A., and Cohen, S., and Folkman, S., and Kahn, R. L., and Syme, S. L.",
  title = "Socioeconomic status and health: the challenge of the gradient",
  year = "1994",
  journal = "American Psychologist",
  volume = "49",
  number = "1",
  pages = "15-24"}
  
@book{Brenner1973,
    address = "Cambridge",
	author = "Brenner, M. H.",
	edition = "",
	publisher = "Harvard University Press",
	title = "Mental illness and the economy",
	Year = "1973"}

@article{Caron2013,
  author = "Caron, J.",
  title = "Une validation de la forme abrégée de l'Échelle de provisions sociales : l'ÉPS-10 items [A validation of the Social Provisions Scale: the SPS-10 items]",
  year = "2013",
  journal = "Sante mentale au Quebec",
  volume = "38",
  number = "1",
  pages = "297-318"}
 
@article{Caron2011,
  author = "Caron, J., and Liu, A.",
  title = "Factors associated with psychological distress in the Canadian population: a comparison of low-income and non low-income sub-groups",
  year = "2011",
  journal = "Community Mental Health Journal",
  volume = "47",
  number = "3",
  pages = "318-330"}
  
@article{Chu2015,
  author = "Chu, X., and Li, Y., and Li, Z., and Han, J.",
  title = "Effects of socioeconomic status and social support on well-being",
  year = "2015",
  journal = "Applied Economics and Finance",
  volume = "2",
  number = "3",
  pages = "155-161"}

@article{Coburn1974,
  author = "Coburn, D., and Pope, C.",
  title = "Socioeconomic Status and Preventive Health Behaviour",
  year = "1974",
  journal = "Journal of Health and Social Behavior",
  volume = "15",
  number = "2",
  pages = "67-78"}

@article{Cutrona1987,
  author = "Cutrona, C., and Russell, D.",
  title = "The provisions of social relationship and adaptation to stress",
  year = "1987",
  journal = "Advances in Personal Relationships",
  volume = "1",
  number = "1",
  pages = "37-67"}

@book{Dohrenwend1969,
    address = "New York",
	author = "Dohrenwend, B. P., and Dohrenwend, B. S.",
	edition = "",
	publisher = "John Wiley",
	title = "Social status and psychological disorder: a causal inquiry",
	Year = "1969"}

@article{Dohrenwend1992,
  author = "Dohrenwend, B. P., and Levav, I., and Shrout, P. E., and Schwartz, S., and Naveh, G., and Link, B. G., and Skodol, A. E., and Stueve, A.",
  title = "Socioeconomic status and psychiatric disorders: the causation-selection issue",
  year = "1992",
  journal = "Science",
  volume = "255",
  number = "5047",
  pages = "946-952"}

@book{Dohrenwend1974,
    address = "Oxford, England",
	author = "Dohrenwend, B. P., and Dohrenwend, B. S.",
	publisher = "John Wiley \& Sons",
	title = "Stressful life events: their nature and events",
	Year = "1974"}

@book{Faris1939,
    address = "Oxford, England",
	author = "Faris, R. E. L., and Dunham, H. W.",
	publisher = "University of Chicago Press",
	title = "Mental disorders in urban areas: an ecological study of schizophrenia and other psychoses",
	Year = "1939"}

@article{Furukawa2003,
  author = "Furukawa, T. A., and Kessler, R. C., and Slade, T., and Andrews, G.",
  title = "The performance of the K6 and K10 screening scales for psychological distress in the Australian National Survey of Mental Health and Well-Being",
  year = "2003",
  journal = "Psychological Medicine",
  volume = "33",
  number = "2",
  pages = "357-362"}

@article{Gebel2009,
  author = "Gebel, K., and Bauman, A., and Owen, N.",
  title = "Correlates of non-concordance between perceived and objective measures of walkability",
  year = "2009",
  journal = "Annals of Behavioral Medicine",
  volume = "37",
  number = "2",
  pages = "228-238"}

@article{Iapichino2016,
  author = "Iapichino, E., and Rucci, P., and Corbani, I. E., and Apter, G., and Quartieri Bollani, M., and Cauli, G., and Gala, C., and Bassi, M.",
  title = "Development and validation of an abridged version of the Social Provisions Scale (SPS-10) in Italian",
  year = "2016",
  journal = "Journal of Psychopathology",
  volume = "22",
  number = "2",
  pages = "157-163"}

@article{Jemmott1984,
  author = "Jemmott, J. B., and Locke, S. E.",
  title = "Psychosocial factors, immunologic mediation, and human susceptibility to infectious diseases: how much do we know?",
  year = "1984",
  journal = "Psychological Bulletin",
  volume = "95",
  number = "1",
  pages = "78-108"}

@article{Jenkins1976,
  author = "Jenkins, C. D.",
  title = "Recent evidence supporting psychologic and social risk factors for coronary disease: part 2",
  year = "1976",
  journal = "The New England Journal of Medicine",
  volume = "294",
  number = "19",
  pages = "1033-1038"}

@article{Kahneman2006,
  author = "Kahneman, D., and Krueger, A. B., and Schkade, D., and Schwarz, N., and Stone, A. A.",
  title = "Would you be happier if you were richer? a focusing illusion",
  year = "2006",
  journal = "Science",
  volume = "312",
  number = "5782",
  pages = "1908-1910"}

@article{Kessler2010,
  author = "Kessler, R. C., and Green, J. G., and Gruber, M. J., and Sampson, N. A., and Bromet, E., and Cuitan, M., and Furukawa, T. A., and Gureje, O., and Hinkov, H., Hu, C., and Lara, C., and Lee, S., and Mneimneh, Z., and Myer, L., and Oakley‐Browne, M., and Posada‐Villa, J., and Sagar, R., and Viana, M. C., and Zaslavsky, A. M.",
  title = "Screening for serious mental illness in the general population with the K6 screening scale: results from the WHO World Mental Health (WMH) survey initiative",
  year = "2010",
  journal = "International Journal of Methods in Psychiatric Research",
  volume = "19",
  number = "S1",
  pages = "4-22"}

@article{Kessler2002,
  author = "Kessler, R.C., and Andrews, G., and Colpe, L. J., and Hiripi, E., and Mroczek, D. K., and Normand, S. L., and Walters, E. E., and Zaslavsky, A. M.",
  title = "Short screening scales to monitor population prevalences and trends in non-specific psychological distress",
  year = "2002",
  journal = "Psychological Medicine",
  volume = "32",
  number = "6",
  pages = "959-976"}

@article{Kohn1972,
  author = "Kohn, M. L.",
  title = "Class, family, and schizophrenia: a reformulation",
  year = "1972",
  journal = "Social Forces",
  volume = "50",
  number = "3",
  pages = "295-304"}

@article{Kottke2009,
  author = "Kottke, T. E., and Pronk, N. P.",
  title = "Taking on the social determinants of health: a framework for action",
  year = "2009",
  journal = "Minnesota Medicine",
  volume = "92",
  number = "2",
  pages = "36-39"}

@article{Link1986,
  author = "Link, B. G., and Dohrenwend, B. P., and Skodol, A. E.",
  title = "Socio-economic status and schizophrenia: noisome occupational characteristics as a risk factor",
  year = "1986",
  journal = "American Sociological Review",
  volume = "51",
  number = "2",
  pages = "242-258"}

@article{Link1993,
  author = "Link, B. G., and Lennon, M. C., and Dohrenwend, B. P.",
  title = "Socioeconomic status and depression: the role of occupations involving direction, control, and planning",
  year = "1993",
  journal = "American Journal of Sociology",
  volume = "98",
  number = "6",
  pages = "1351-1387"}

@article{Lorant2003,
  author = "Lorant, V., and Deliège, D., and Eaton, W., and Robert, A., and Philippot, P., and Ansseau, M.",
  title = "Socioeconomic inequalities in depression: a meta-analysis",
  year = "2003",
  journal = "American Journal of Epidemiology",
  volume = "157",
  number = "2",
  pages = "98-112"}

@article{McMillan2010,
  author = "McMillan, K. A., and Enns, M. W., and Asmundson, G. J., and Sareen, J.",
  title = "The association between income and distress, mental disorders, and suicidal ideation and attempts: findings from the Collaborative Psychiatric Epidemiology Surveys",
  year = "2010",
  journal = "Journal of Clinical Psychiatry",
  volume = "71",
  number = "9",
  pages = "1168-1175"}

@article{Meyer2014,
  author = "Meyer, O. L., and Castro-Schilo, L., and Aguilar-Gaxiola, S.",
  title = "Determinants of mental health and self-rated health: a model of socioeconomic status, neighborhood safety, and physical activity",
  year = "2014",
  journal = "American Journal of Public Health",
  volume = "104",
  number = "9",
  pages = "1734-1741"}

@article{Miech1999,
  author = "Miech, R., and Caspi, A., and Moffitt, T., and Wright, B., and Silva, P.",
  title = "Low socioeconomic status and mental disorders: a longitudinal study of selection and causation during young adulthood",
  year = "1999",
  journal = "American Journal of Sociology",
  volume = "104",
  number = "4",
  pages = "1096-1131"}

@article{Pearlin1989,
  author = "Pearlin, L. I.",
  title = "The sociological study of stress",
  year = "1989",
  journal = "Journal of Health and Social Behavior",
  volume = "30",
  number = "3",
  pages = "241-256"}

@book{Sewell1976,
    address = "New York",
	author = "Sewell, W. H., and Hauser, R., and Featherman, D.",
	publisher = "Academic Press",
	title = "Schooling and Achievement in American Society",
	Year = "1976"}

@article{Shim2014,
  author = "Shim, R., and Koplan, C., and Langheim, F. J. P., and Manseau, M. W., and Powers, R. A., and Compton, M. T.",
  title = "The social determinants of mental health: an overview and call to action",
  year = "2014",
  journal = "Psychiatric Annals",
  volume = "44",
  number = "1",
  pages = "22-26"}

@article{Stephens2001,
  author = "Stephens, T., and Joubert, N.",
  title = "The economic burden of mental health problems in {C}anada",
  year = "2001",
  journal = "Chronic Diseases in Canada",
  volume = "22",
  number = "1",
  pages = "18-23"}

@article{Stephens2000,
  author = "Stephens, T., and Dulberg, C., and Joubert, N.",
  title = "Mental health of the Canadian population: a comprehensive analysis",
  year = "2000",
  journal = "Chronic Diseases in Canada",
  volume = "20",
  number = "3",
  pages = "118-126"}

@article{Vonneilich2011,
  author = "Vonneilich, N., and Jöckel, K. H., and Erbel, R., and Klein, J., and Dragano, N., and Weyers, S., and Moebus, S., and Siegrist, J., and von dem Knesebeck, O.",
  title = "Does socioeconomic status affect the association of social relationships and health? A moderator analysis",
  year = "2011",
  journal = "International Journal for Equity in Health",
  volume = "10",
  number = "43",
  pages = "1-10"}

@article{Weich1998,
  author = "Weich, S., and Lewis, G.",
  title = "Poverty, unemployment, and common mental disorders: population based cohort study",
  year = "1998",
  journal = "British Medical Journal",
  volume = "317",
  number = "7151",
  pages = "115–119"}

@article{Wildman2003,
  author = "Wildman, J.",
  title = "Income related inequalities in mental health in Great Britain: analysing the causes of health inequality over time",
  year = "2003",
  journal = "Journal of Health Economics",
  volume = "22",
  number = "2",
  pages = "295-312"}

@article{Marcus2013,
  author = "Marcus, J.",
  title = "The effect of unemployment on the mental health of spouses – Evidence from plant closures in Germany",
  year = "2013",
  journal = "Journal of Health Economics",
  volume = "32",
  number = "3",
  pages = "546-558"}

@article{Braveman2005,
  author = "Braveman, P., and Cubbin, C., and Egerter, S., and Chideya, S., and Marchi, K.S., and Metzler, M.M., and Posner, S.",
  title = "Socioeconomic Status in Health Research: one Size Does Not Fit All",
  year = "2005",
  journal = "Journal of the American Medical Association",
  volume = "294",
  number = "22",
  pages = "2879–2888"}

@article{Stevenson2013,
  author = "Stevenson, B., and Wolfers, J.",
  title = "Subjective Well-Being and Income: is There Any Evidence of Satiation?",
  year = "2013",
  journal = "American Economic Review",
  volume = "103",
  number = "3",
  pages = "598-604"}

@article{Kahneman2010,
  author = "Kahneman, D., and Deaton, A.",
  title = "High income improves evaluation of life but not emotional well-being",
  year = "2010",
  journal = "Proceedings of the National Academy of Sciences of the United States of America",
  volume = "107",
  number = "38",
  pages = "16489-16493"}
 
@article{Hudson1988,
  author = "Hudson, C. G.",
  title = "Socioeconomic status and mental illness: implications of the research for policy and practice",
  year = "1988",
  journal = "Journal of Sociology and Social Welfare",
  volume = "15",
  number = "1",
  pages = "27-54"}

@article{Bovier2004,
  author = "Bovier, P. A., and Chamot, E., and Perneger, T. V.",
  title = "Perceived stress, internal resources, and social support as determinants of mental health among young adults",
  year = "2004",
  journal = "Quality of Life Research",
  volume = "13",
  number = "1",
  pages = "161-170"}

@article{vanOurs2012,
title = "The effects of cannabis use on physical and mental health",
journal = "Journal of Health Economics",
volume = "31",
number = "4",
pages = "564-577",
year = "2012",
author = "van Ours, J. C., and Williams, J."}

@article{Sabatini2014,
title = "The relationship between happiness and
health: Evidence from Italy",
journal = "Social Science \& Medicine",
volume = "114",
pages = "178–187",
year = "2014",
author = "Sabatini, F."}

@article{Stillman2009,
title = "Migration and mental health: Evidence from a natural experiment",
journal = "Journal of Health Economics",
volume = "28",
number = "3",
pages = "677-687",
year = "2009",
author = "Stillman, S., and McKenzie, D., and Gibson, J."}

@article{Ulbrich1989,
title = "Race, Socioeconomic Status, and Psychological Distress: An Examination of Differential Vulnerability",
journal = "Journal of Health and Social Behavior",
volume = "30",
number = "1",
pages = "131-146",
year = "1989",
author = "Ulbrich, P., and Warheit, G., and Zimmerman, R."}

@article{CIHI2012,
title = "The Role of Social Support in Reducing Psychological Distress",
year = "2012",
author = "{Canadian Institute for Health Information}"}

@article{Hey1980,
title = "Relative Deprivation and the Gini Coefficient: Comment",
journal = "Quarterly Journal of Economics",
volume = "95",
number = "3",
pages = "567-573",
year = "1980",
author = "Hey, J., and Lambert, P."}

%%%%%%%%%%%%%%%%%%%%%%%%%%%%%%%%%%%%%%%%%%%%%%%

%Link, B. G., and Dohrenwend, B. P. (1989). The epidemiology of mental disorders. In H. Freeman, and S. Levine (Eds.), The Handbook of Medical Sociology (pp. 102-27). Englewood Cliffs, N.J.: Prentice-Hall.

%%%%%%%%%%%%%%%%%%%%%%%%%%%%%%%%%%%%%%%%%%%%%%%

@article{Kunst2005,
  author = "Kunst, A. E., and Bos, V., and Lahelma, E., and Bartley, M., and Lissau, I., and Regidor, E., and Mielck, A., and Cardano, M., and Dalstra, J. A. A., and Geurts, J. J. M., and Helmert, U., and Lennartsson, C., and Ramm, J., and Spadea, T., and Stronegger, W. J., and Mackenbach, J. P.",
  title = "Trends in socioeconomic inequalities in self-assessed health in 10 European countries",
  year = "2005",
  journal = "International Journal of Epidemiology",
  volume = "34",
  number = "2",
  pages = "295-305"}

