@incollection{acemoglu2011skills,
  title={Skills, tasks and technologies: Implications for employment and earnings},
  author={Acemoglu, Daron and Autor, David},
  booktitle={Handbook of labor economics},
  volume={4},
  pages={1043--1171},
  year={2011},
  publisher={Elsevier}
}